<record><leader>00000cas a22000007a 4500</leader><controlfield tag="001">13049400</controlfield><controlfield tag="008">860122d18841908mtuwr ne      0    0eng d</controlfield><datafield ind1=" " ind2=" " tag="010"><subfield code="a">sn 86075020 </subfield></datafield><datafield ind1=" " ind2=" " tag="040"><subfield code="a">MTL</subfield><subfield code="b">eng</subfield><subfield code="c">MTL</subfield><subfield code="d">MGN</subfield><subfield code="d">OCLCQ</subfield></datafield><datafield ind1=" " ind2=" " tag="042"><subfield code="a">msc</subfield></datafield><datafield ind1="0" ind2=" " tag="130"><subfield code="a">Stockgrowers journal (Miles City, Mont. : 1884)</subfield></datafield><datafield ind1="1" ind2="0" tag="245"><subfield code="a">Stockgrowers journal.</subfield></datafield><datafield ind1="1" ind2="3" tag="246"><subfield code="a">Stock growers journal</subfield></datafield><datafield ind1=" " ind2=" " tag="260"><subfield code="a">Miles City, Mont. :</subfield><subfield code="b">S.A. Marney,</subfield><subfield code="c">-1908.</subfield></datafield><datafield ind1=" " ind2=" " tag="300"><subfield code="a">23 v. :</subfield><subfield code="b">ill. ;</subfield><subfield code="c">36-58 cm.</subfield></datafield><datafield ind1=" " ind2=" " tag="310"><subfield code="a">Weekly</subfield></datafield><datafield ind1="0" ind2=" " tag="362"><subfield code="a">-23rd year, whole no. 1975 (Apr. 22, 1908).</subfield></datafield><datafield ind1="1" ind2=" " tag="362"><subfield code="a">Began in 1884.</subfield></datafield><datafield ind1=" " ind2=" " tag="588"><subfield code="a">Description based on: Vol. 1, no. 6 (Nov. 15, 1884).</subfield></datafield><datafield ind1=" " ind2=" " tag="752"><subfield code="a">United States</subfield><subfield code="b">Montana</subfield><subfield code="c">Custer</subfield><subfield code="d">Miles City.</subfield></datafield><datafield ind1="0" ind2=" " tag="775"><subfield code="t">Daily Yellowstone journal (Miles City, Mont. : 1901)</subfield><subfield code="g">Dec. 1901-Apr. 1908</subfield><subfield code="w">(DLC)sn 83025315</subfield></datafield><datafield ind1="0" ind2="5" tag="780"><subfield code="t">Yellowstone journal (Miles City, Mont. : Weekly : 1891)</subfield><subfield code="g">Dec. 5, 1901</subfield><subfield code="w">(DLC)sn 86075016</subfield></datafield><datafield ind1="0" ind2="0" tag="785"><subfield code="t">Semi-weekly stockgrowers journal</subfield><subfield code="w">(DLC)sn 86075025</subfield></datafield><datafield ind1="1" ind2=" " tag="029"><subfield code="a">AU@</subfield><subfield code="b">000023411136</subfield></datafield></record>